@BOOK{NLDAC,
author = {S. Henry},
title = {Nonlinear dynamics and chaos: with applications to physics, biology, chemistry, and engineering},
publisher = {Perseus Books Publishing},
year = 1994,
}

@MISC{Online1,
author = {E. Schaeffer},
title = {Simulation of systems},
howpublished = {\url{hhttp://elisa.dyndns-web.com/teaching/comp/par/}}
}

@MISC{Online2,
howpublished = {\url{http://mathworld.wolfram.com/Lotka-VolterraEquations.html}}
}
